<?xml version="1.0" encoding="UTF-8"?>
<collection
  xmlns:xsi="http://www.w3.org/2001/XMLSchema-instance"
  xsi:schemaLocation="http://www.loc.gov/MARC21/slim http://www.loc.gov/standards/marcxml/schema/MARC21slim.xsd"
  xmlns="http://www.loc.gov/MARC21/slim">

<record>
  <leader>02045ncm a2200529 a 4500</leader>
  <controlfield tag="001">ck9104609</controlfield>
  <controlfield tag="003">CZ PrNK</controlfield>
  <controlfield tag="005">20250814115328.0</controlfield>
  <controlfield tag="007">qu</controlfield>
  <controlfield tag="008">911010s1990    xr fml g       nn   cze  </controlfield>
  <datafield tag="015" ind1=" " ind2=" ">
    <subfield code="a">cnb000062676</subfield>
  </datafield>
  <datafield tag="020" ind1=" " ind2=" ">
    <subfield code="a">80-7039-128-6</subfield>
    <subfield code="q">(váz.) :</subfield>
    <subfield code="c">Kčs 89,00</subfield>
  </datafield>
  <datafield tag="035" ind1=" " ind2=" ">
    <subfield code="a">(OCoLC)39578545</subfield>
  </datafield>
  <datafield tag="040" ind1=" " ind2=" ">
    <subfield code="a">ABA001</subfield>
    <subfield code="b">cze</subfield>
    <subfield code="d">ABA001</subfield>
  </datafield>
  <datafield tag="048" ind1=" " ind2=" ">
    <subfield code="a">vu01</subfield>
  </datafield>
  <datafield tag="072" ind1=" " ind2="7">
    <subfield code="a">784</subfield>
    <subfield code="x">Vokální hudba</subfield>
    <subfield code="2">Konspekt</subfield>
    <subfield code="9">9</subfield>
  </datafield>
  <datafield tag="072" ind1=" " ind2="7">
    <subfield code="a">39</subfield>
    <subfield code="x">Kulturní antropologie. Etnologie. Etnografie</subfield>
    <subfield code="2">Konspekt</subfield>
    <subfield code="9">1</subfield>
  </datafield>
  <datafield tag="080" ind1=" " ind2=" ">
    <subfield code="a">784.4(=162.3)</subfield>
    <subfield code="2">MRF</subfield>
  </datafield>
  <datafield tag="080" ind1=" " ind2=" ">
    <subfield code="a">82-193-053.4</subfield>
    <subfield code="2">MRF</subfield>
  </datafield>
  <datafield tag="080" ind1=" " ind2=" ">
    <subfield code="a">784.4</subfield>
    <subfield code="2">MRF</subfield>
  </datafield>
  <datafield tag="080" ind1=" " ind2=" ">
    <subfield code="a">(062.552)</subfield>
    <subfield code="2">MRF</subfield>
  </datafield>
  <datafield tag="080" ind1=" " ind2=" ">
    <subfield code="a">(081)</subfield>
    <subfield code="2">MRF</subfield>
  </datafield>
  <datafield tag="080" ind1=" " ind2=" ">
    <subfield code="a">(082)</subfield>
    <subfield code="2">MRF</subfield>
  </datafield>
  <datafield tag="080" ind1=" " ind2=" ">
    <subfield code="a">(0:82-192)</subfield>
    <subfield code="2">MRF</subfield>
  </datafield>
  <datafield tag="100" ind1="1" ind2=" ">
    <subfield code="a">Erben, Karel Jaromír,</subfield>
    <subfield code="d">1811-1870</subfield>
    <subfield code="7">jk01030532</subfield>
    <subfield code="4">aut</subfield>
  </datafield>
  <datafield tag="245" ind1="1" ind2="0">
    <subfield code="a">Prostonárodní české písně a říkadla</subfield>
    <subfield code="h">[hudebnina] :</subfield>
    <subfield code="b">s nápěvy vřaděnými do textu.</subfield>
    <subfield code="n">Sv. 6 /</subfield>
    <subfield code="c">Karel Jaromír Erben ; [k tisku připravil Zdeněk Mišurec]</subfield>
  </datafield>
  <datafield tag="250" ind1=" " ind2=" ">
    <subfield code="a">V Pantonu 1. vyd.</subfield>
  </datafield>
  <datafield tag="260" ind1=" " ind2=" ">
    <subfield code="a">Praha :</subfield>
    <subfield code="b">Panton,</subfield>
    <subfield code="c">1990</subfield>
  </datafield>
  <datafield tag="300" ind1=" " ind2=" ">
    <subfield code="a">1 zpěvník (367 s.) :</subfield>
    <subfield code="b">il., mapy, noty ;</subfield>
    <subfield code="c">21 cm</subfield>
  </datafield>
  <datafield tag="500" ind1=" " ind2=" ">
    <subfield code="a">Terminologický slovník</subfield>
  </datafield>
  <datafield tag="500" ind1=" " ind2=" ">
    <subfield code="a">10000 výt.</subfield>
  </datafield>
  <datafield tag="504" ind1=" " ind2=" ">
    <subfield code="a">Obsahuje bibliografické odkazy a rejstříky</subfield>
  </datafield>
  <datafield tag="505" ind1="0" ind2="0">
    <subfield code="g">1. díl.</subfield>
    <subfield code="t">Vzpomínky historické --</subfield>
    <subfield code="g">2. díl.</subfield>
    <subfield code="t">Písně rozpravné --</subfield>
    <subfield code="g">3. díl.</subfield>
    <subfield code="t">Říkadla v nemocech --</subfield>
    <subfield code="g">4. díl.</subfield>
    <subfield code="t">Marnost světská, smrt a pohřeb --</subfield>
    <subfield code="g">5. díl.</subfield>
    <subfield code="t">Písně pohřební</subfield>
  </datafield>
  <datafield tag="650" ind1="0" ind2="7">
    <subfield code="a">české lidové písně</subfield>
    <subfield code="7">ph128141</subfield>
    <subfield code="2">czenas</subfield>
  </datafield>
  <datafield tag="650" ind1="0" ind2="7">
    <subfield code="a">říkadla</subfield>
    <subfield code="7">ph321726</subfield>
    <subfield code="z">Česko</subfield>
    <subfield code="2">czenas</subfield>
  </datafield>
  <datafield tag="650" ind1="0" ind2="9">
    <subfield code="a">Czech folk songs</subfield>
    <subfield code="2">eczenas</subfield>
  </datafield>
  <datafield tag="650" ind1="0" ind2="9">
    <subfield code="a">nursery rhymes</subfield>
    <subfield code="z">Czechia</subfield>
    <subfield code="2">eczenas</subfield>
  </datafield>
  <datafield tag="655" ind1=" " ind2="7">
    <subfield code="a">lidové písně</subfield>
    <subfield code="7">fd980032</subfield>
    <subfield code="2">czenas</subfield>
  </datafield>
  <datafield tag="655" ind1=" " ind2="7">
    <subfield code="a">sborníky</subfield>
    <subfield code="7">fd163935</subfield>
    <subfield code="2">czenas</subfield>
  </datafield>
  <datafield tag="655" ind1=" " ind2="7">
    <subfield code="a">zpěvníky</subfield>
    <subfield code="7">fd133876</subfield>
    <subfield code="2">czenas</subfield>
  </datafield>
  <datafield tag="655" ind1=" " ind2="9">
    <subfield code="a">folk songs</subfield>
    <subfield code="2">eczenas</subfield>
  </datafield>
  <datafield tag="655" ind1=" " ind2="9">
    <subfield code="a">songbooks</subfield>
    <subfield code="2">eczenas</subfield>
  </datafield>
  <datafield tag="700" ind1="1" ind2=" ">
    <subfield code="a">Sládek, Jan,</subfield>
    <subfield code="d">1906-1982</subfield>
    <subfield code="7">jk01111736</subfield>
    <subfield code="4">ill</subfield>
  </datafield>
  <datafield tag="700" ind1="1" ind2=" ">
    <subfield code="a">Mišurec, Zdeněk,</subfield>
    <subfield code="d">1925-2009</subfield>
    <subfield code="7">jk01081840</subfield>
    <subfield code="4">edt</subfield>
  </datafield>
  <datafield tag="910" ind1=" " ind2=" ">
    <subfield code="a">ABA001</subfield>
  </datafield>
  <datafield tag="964" ind1=" " ind2=" ">
    <subfield code="a">Písně lidové české - texty a nápěvy - sborníky</subfield>
  </datafield>
  <datafield tag="998" ind1=" " ind2=" ">
    <subfield code="a">000062676</subfield>
  </datafield>
</record>

</collection>